@article{1,
  title={https://www.diderot.one/courses/121/books的证明},
  author={参考cmu},
  journal={},
  volume={},
  year={},
}